<collection xmlns="http://www.loc.gov/MARC21/slim">
<record>
  <leader>01159nam0a2200241 i 450 </leader>
  <controlfield tag="001">IT\ICCU\CNCE\019148</controlfield>
  <controlfield tag="005">20070907000000.0</controlfield>
  <datafield tag="012" ind1=" " ind2=" ">
    <subfield code="a">seti onEt n-l- nora (C) 1582 (A)</subfield>
    <subfield code="2">fei</subfield>
  </datafield>
  <datafield tag="100" ind1=" " ind2=" ">
    <subfield code="a">19970101d1582        0itac0103    ba</subfield>
  </datafield>
  <datafield tag="101" ind1=" " ind2=" ">
    <subfield code="a">ITA</subfield>
  </datafield>
  <datafield tag="102" ind1=" " ind2=" ">
    <subfield code="a">IT</subfield>
  </datafield>
  <datafield tag="200" ind1="1" ind2=" ">
    <subfield code="a">Fior di virtu historiato vtilissimo a ciascun fidel christiano. Di nouo ristampato, &amp; con somma diligentia corretto</subfield>
  </datafield>
  <datafield tag="210" ind1=" " ind2=" ">
    <subfield code="a">\Venezia</subfield>
    <subfield code="c">Bernardino De Franceschi!</subfield>
    <subfield code="e">In Venetia</subfield>
    <subfield code="g">appresso Bernardino de Francesco</subfield>
    <subfield code="h">1582</subfield>
  </datafield>
  <datafield tag="215" ind1=" " ind2=" ">
    <subfield code="a">\92! c.</subfield>
    <subfield code="c">ill.</subfield>
    <subfield code="d">12ʻ</subfield>
  </datafield>
  <datafield tag="500" ind1="1" ind2="1">
    <subfield code="3">IT\ICCU\CNCE\019140</subfield>
    <subfield code="a">Fiore di virtAu</subfield>
  </datafield>
  <datafield tag="620" ind1=" " ind2=" ">
    <subfield code="a">IT</subfield>
    <subfield code="d">Venezia</subfield>
  </datafield>
  <datafield tag="702" ind1=" " ind2="1">
    <subfield code="a">Gozzadini,</subfield>
    <subfield code="b">Tommaso</subfield>
    <subfield code="3">IT\ICCU\CNCA\017155</subfield>
  </datafield>
  <datafield tag="712" ind1="0" ind2="0">
    <subfield code="a">De_Franceschi, Bernardino</subfield>
    <subfield code="3">IT\ICCU\CNCT\003475</subfield>
    <subfield code="4">650</subfield>
  </datafield>
  <datafield tag="791" ind1="0" ind2="0">
    <subfield code="a">Francesco, Bernardino di</subfield>
    <subfield code="3">IT\ICCU\CNCT\003570</subfield>
    <subfield code="z">De_Franceschi, Bernardino</subfield>
  </datafield>
  <datafield tag="801" ind1=" " ind2="3">
    <subfield code="a">IT</subfield>
    <subfield code="b">ICCU</subfield>
    <subfield code="c">20201114</subfield>
  </datafield>
  <datafield tag="899" ind1=" " ind2=" ">
    <subfield code="a">Biblioteca dell&apos;Abbazia di Novacella. Varna</subfield>
    <subfield code="1">BZ0109</subfield>
    <subfield code="2">ZBZ 04</subfield>
  </datafield>
  <datafield tag="911" ind1=" " ind2=" ">
    <subfield code="a">Sul front.</subfield>
    <subfield code="9">IT\ICCU\CNCM\001550</subfield>
  </datafield>
  <datafield tag="921" ind1=" " ind2=" ">
    <subfield code="a">IT\ICCU\CNCM\001550</subfield>
    <subfield code="b">Virt ̮(donna coronata seduta con un fiore in mano. Ai suoi piedi la morte e il diavolo). In cornice</subfield>
    <subfield code="c">U446</subfield>
    <subfield code="d">Domensioni: 5 x 6,5</subfield>
    <subfield code="f">VIRTU&apos;</subfield>
    <subfield code="f">MORTE</subfield>
    <subfield code="f">DIAVOLO</subfield>
    <subfield code="g">1576-1582</subfield>
  </datafield>
</record>
</collection>
